<record><leader>00000cas a22000007a 4500</leader><controlfield tag="001">14211025</controlfield><controlfield tag="008">860912d19751979iauwr ne      0    0eng d</controlfield><datafield ind1=" " ind2=" " tag="010"><subfield code="a">sn 86060200 </subfield></datafield><datafield ind1=" " ind2=" " tag="040"><subfield code="a">INP</subfield><subfield code="b">eng</subfield><subfield code="c">INP</subfield><subfield code="d">OCLCQ</subfield></datafield><datafield ind1=" " ind2=" " tag="042"><subfield code="a">msc</subfield></datafield><datafield ind1="0" ind2=" " tag="130"><subfield code="a">Clarion (Packwood, Iowa)</subfield></datafield><datafield ind1="1" ind2="4" tag="245"><subfield code="a">The clarion.</subfield></datafield><datafield ind1=" " ind2=" " tag="260"><subfield code="a">Packwood, Iowa :</subfield><subfield code="b">Dinsmore Pub. Co.,</subfield><subfield code="c">1975-1979.</subfield></datafield><datafield ind1=" " ind2=" " tag="300"><subfield code="a">5 v. :</subfield><subfield code="b">ill.</subfield></datafield><datafield ind1=" " ind2=" " tag="310"><subfield code="a">Weekly</subfield></datafield><datafield ind1="0" ind2=" " tag="362"><subfield code="a">Vol. 93, no. 31 (Mar. 6, 1975)-v. 97, no. 47 (June 28, 1979).</subfield></datafield><datafield ind1=" " ind2=" " tag="500"><subfield code="a">Each issue includes section called: Brighton enterprise, &lt;Mar. 16, 1978&gt;-June 28, 1979.</subfield></datafield><datafield ind1=" " ind2=" " tag="500"><subfield code="a">Official Jefferson County newspaper.</subfield></datafield><datafield ind1=" " ind2=" " tag="500"><subfield code="a">Originally edited by: Keith C. Dinsmore.</subfield></datafield><datafield ind1=" " ind2=" " tag="525"><subfield code="a">Includes occasional supplements.</subfield></datafield><datafield ind1=" " ind2=" " tag="752"><subfield code="a">United States</subfield><subfield code="b">Iowa</subfield><subfield code="c">Jefferson</subfield><subfield code="d">Packwood.</subfield></datafield><datafield ind1=" " ind2=" " tag="752"><subfield code="a">United States</subfield><subfield code="b">Iowa</subfield><subfield code="c">Washington</subfield><subfield code="d">Brighton.</subfield></datafield><datafield ind1="0" ind2="0" tag="780"><subfield code="t">Richland clarion and Pekin community news</subfield><subfield code="w">(DLC)sn 88059545</subfield></datafield><datafield ind1="0" ind2="5" tag="780"><subfield code="t">Brighton enterprise-news</subfield></datafield><datafield ind1="0" ind2="7" tag="785"><subfield code="t">Richland plainsman</subfield><subfield code="w">(OCoLC)15807827</subfield></datafield><datafield ind1="0" ind2="7" tag="785"><subfield code="t">Plainsman-clarion</subfield><subfield code="w">(DLC)sn 86060195</subfield></datafield><datafield ind1="1" ind2=" " tag="787"><subfield code="t">Brighton enterprise</subfield></datafield><datafield ind1="1" ind2=" " tag="029"><subfield code="a">AU@</subfield><subfield code="b">000025809886</subfield></datafield></record>